@article{Schrittwieser_2020,
   title={Mastering Atari, Go, chess and shogi by planning with a learned model},
   volume={588},
   ISSN={1476-4687},
   url={http://dx.doi.org/10.1038/s41586-020-03051-4},
   DOI={10.1038/s41586-020-03051-4},
   number={7839},
   journal={Nature},
   publisher={Springer Science and Business Media LLC},
   author={Schrittwieser, Julian and Antonoglou, Ioannis and Hubert, Thomas and Simonyan, Karen and Sifre, Laurent and Schmitt, Simon and Guez, Arthur and Lockhart, Edward and Hassabis, Demis and Graepel, Thore and Lillicrap, Timothy and Silver, David},
   year={2020},
   month=dec, pages={604–609} }

@inproceedings{Arulkumaran_2019, series={GECCO ’19},
   title={AlphaStar: an evolutionary computation perspective},
   url={http://dx.doi.org/10.1145/3319619.3321894},
   DOI={10.1145/3319619.3321894},
   booktitle={Proceedings of the Genetic and Evolutionary Computation Conference Companion},
   publisher={ACM},
   author={Arulkumaran, Kai and Cully, Antoine and Togelius, Julian},
   year={2019},
   month=jul, collection={GECCO ’19} }

@misc{vinyals2017starcraft,
      title={StarCraft II: A New Challenge for Reinforcement Learning}, 
      author={Oriol Vinyals and Timo Ewalds and Sergey Bartunov and Petko Georgiev and Alexander Sasha Vezhnevets and Michelle Yeo and Alireza Makhzani and Heinrich Küttler and John Agapiou and Julian Schrittwieser and John Quan and Stephen Gaffney and Stig Petersen and Karen Simonyan and Tom Schaul and Hado van Hasselt and David Silver and Timothy Lillicrap and Kevin Calderone and Paul Keet and Anthony Brunasso and David Lawrence and Anders Ekermo and Jacob Repp and Rodney Tsing},
      year={2017},
      eprint={1708.04782},
      archivePrefix={arXiv},
      primaryClass={cs.LG}
}

